@Article{Woo2009JPC,
  title = {Global Measures of Data Utility for Microdata Masked for Disclosure Limitation},
  author = {Woo, M. J. and Reiter, J. P. and Oganian, A. and Karr, A. F.},
  journal = {The Journal of Privacy and Confidentiality},
  year = {2009},
  volume = {1},
  issue = {1},
  pages = {111--124}
}



@Article{Reiter2003SM,
  title = {Inference for partially synthetic, public use microdata sets},
  author = {Reiter, J. P.},
  journal = {Survey Methodology},
  year = {2003},
  volume = {29},
  pages = {181--188}
}



@Book{Drechsler2011,
  title = {Synthetic Datasets for Statistical Disclosure Control: Theory and Implementation},
  author = {Drechsler, J.},
  publisher = {Lecture Notes in Statistics 201, Springer},
  year = {2011}
}

@Article{Reiter2002JOS,
  title = {Satisfying disclosure restrictions with synthetic data sets},
  author = {Reiter, J. P.},
  journal = {Journal of Official Statistics},
  year = {2002},
  volume = {18},
  pages = {531--544}
}



@Article{Karr2007TAS,
  title = {A Framework for Evaluating the Utility of Data Altered to Protect Confidentiality},
  author = {Karr, A. F. and Kohnen, C. N. and Oganian, A. and Reiter, J. P. and Sanil, A. P.},
  journal = {The American Statistician},
  year = {2006},
  volume = {60},
  pages = {224--232}
}



@Article{DrechslerReiter2009JOS,
  title = { Disclosure Risk and Data Utility for Partially Synthetic Data: An Empirical Study Using the German {IAB}},
  author = {Drechsler, J. and Reiter, J. P.},
  journal = {Journal of Official Statistics},
  year = {2009},
  pages = {589--603}
}



@Article{Hu2019TDP,
  title = {Bayesian Estimation of Attribute and Identification Disclosure Risks in Synthetic Data},
  author = {Hu, J.},
  journal = {Transactions on Data Privacy},
  year = {2019},
  volume = {12},
  issue = {1},
  pages = {61--89}
}



@Article{Kinney2011ISR,
  title = {Towards Unrestricted Public Use Business Microdata: The Synthetic Longitudinal Business Database},
  author = {Kinney, S. K. and Reiter, J. P. and Reznek, A. P. and Miranda, J. and Jarmin, R. S. and Abowd, J. M.},
  journal = {International Statistical Review},
  year = {2011},
  volume = {79},
  issue = {3},
  pages = {362--384}
}


@Article{Dwork2006TCC,
  title = {Calibrating noise to sensitivity in private data analysis},
  author = {Dwork, C. and McSherry, F. and Nissim, K. and Smith, A.},
  journal = {Proceedings of the Third Conference on Theory of Cryptography},
  year = {2006},
  pages = {265--284}
}


@Book{DworkRoth2014,
  title = {The Algorithmic Foundations of Differential Privacy},
  author = {Dwork, C. and Roth, A.},
  publisher = {Foundations and Trends in Theoretical Computer Science},
  year = {2014}
}

@Article{OnTheMap2008ICDE,
  title = {Privacy: Theory meets practice on the map},
  author = {Machanavajjhala, A. and Kifer, D. and Abowd, J. and Gehrke, J. and Vilhuber, L.},
  journal = {The IEEE 24th International Conference on Data Engineering},
  year = {2008},
  pages = {277--286}
}


@Article{SarathyMuralidhar2011TDP,
  title = {Evaluating Laplace Noise Addition to Satisfy Differentia Privacy for Numeric Data},
  author = {Sarathy, R. and Muralidhar, K.},
  journal = {Transactions on Data Privacy},
  year = {2011},
  volume = {4},
  issue = {1},
  pages = {1--17}
}


@Article{GhoshRoughgardenSundararajan2012SIAM,
  title = {Universally Utility-Maximizing Privacy Mechanisms},
  author = {Ghosh, A. and Roughgarden, T. and Sundararajan, M.},
  journal = {SIAM Journal on Computing},
  year = {2012},
  volume = {41},
  issue = {6},
  pages = {1673--1693}
}


@Article{Liu2018IEEE,
  title = {Generalized Gaussian Mechanism for Differential Privacy},
  author = {Liu, F.},
  journal = {IEEE Transactions on Knowledge and Data Engineering},
  year = {2018},
  volume = {31},
  issue = {4},
  pages = {747--756}
}

@Article{AbowdVilhuber2008PSD,
  title = {How Protective Are Synthetic Data?},
  author = {Abowd, J. M. and Vilhuber, L.},
  journal = {Privacy in Statistical Databases},
  year = {2008},
  pages = {239--246}
}


@Article{McClureReiter2012TDP,
  title = {Differential Privacy and Statistical Disclosure Risk Measures: An Investigation with Binary Synthetic Data},
  author = {McClure, D. and Reiter, J. P.},
  journal = {Transactions on Data Privacy},
  year = {2012},
  volume = {5},
  pages = {535--552}
}


@Article{Reiter2014framework,
  title = {Bayesian estimation of disclosure risks in multiply imputed, synthetic data},
  author = {Reiter, J. P. and Wang, Q. and Zhang, B.},
  journal = {Journal of Privacy and Confidentiality},
  year = {2014},
  volumne = {6},
  pages = {Article 2}
}

@Article{WangReiter2012,
  title = {Multiple imputation for sharing precise geographies in public use data},
  author = {Wang, H. and Reiter, J. P.},
  journal = {Annals of Applied Statistics},
  year = {2012},
  volume = {6},
  pages = {229-252}
}

@Article{WeiReiter2016,
  title = {Releasing synthetic magnitude microdata constrained to fixed marginal totals},
  author = {Wei, L. and Reiter, J. P.},
  journal = {Statistical Journal of the IAOS},
  year = {2016},
  volume = {32},
  issue = {1},
  pages = {93--108}
}

@Article{HuReiterWang2018BA,
  title = {Dirichlet Process mixture models for modeling and generating synthetic versions of nested categorical data},
  author = {Hu, J. and Reiter, J. P. and Wang, Q.},
  journal = {Bayesian Analysis},
  year = {2018},
  volume = {13},
  issue = {1},
  pages = {183--200}
}

@Article{HuReiterWang2014PSD,
  title = {Disclosure risk evaluation for fully synthetic categorical data},
  author = {Hu, J. and Reiter, J. P. and Wang, Q.},
  journal = {Privacy in Statistical Databases},
  year = {2014},
  pages = {185--199}
}

@Article{Reiter2012discussion,
  title = {Discussion: Bayesian perspectives and disclosure risk assessment},
  author = {Reiter, J. P.},
  journal = {International Statistical Review},
  year = {2012},
  volume = {80},
  pages = {373--375}
}

@Article{SIPPdocument,
  title = {The creation and use of the SIPP Synthetic Beta},
  author = {Benedetto, G. and Stinson, M. H. and Abowd, J. M.},
  journal = {Available at $https://www.census.gov/content/dam/Census/programs-surveys/sipp/methodology/SSBdescribe_nontechnical.pdf$. Accessed February 2018.},
  year = {2013}
}

@Article{Rubin1981BayesianBootstrap,
  title = {The Bayesian bootstrap},
  author = {Rubin, D. B.},
  journal = {The Annals of Statistics},
  year = {1981},
  volume = {9},
  pages = {130--134}
}

@Article{Skinner2012ISRreview,
  title = {Statistical disclosure risk: Separating potential and harm},
  author = {Skinner, C.},
  journal = {International Statistical Review},
  year = {2012},
  volume = {80},
  pages = {349--368}
}

@Article{Paiva2014SM,
  title = {Imputation of confidential data sets with spatial locations using disease mapping models},
  author = {Paiva, T. and Chakraborty, A. and Reiter, J. P. and Gelfand, A. E.},
  journal = {Statistics in Medicine},
  year = {2014},
  volume = {33},
  pages = {1928--1945}
}

@Article{Reiter2005risk,
  title = {Estimating Risks of Identification Disclosure in Microdata},
  author = {Reiter, J. P.},
  journal = {Journal of the American Statistical Association},
  year = {2005},
  volume = {100},
  pages = {1103--1112}
}

@Article{ReiterMitra2009,
  title = {Estimating risks of identification disclosure in partially synthetic data},
  author = {Reiter, J. P. and Mitra, R.},
  journal = {The Journal of Privacy and Confidentiality},
  year = {2009},
  volume = {1},
  issue = {1},
  pages = {99-110}
}

@Article{DrechslerHu2021JSSAM,
  title = {Synthesizing geocodes to facilitate access to detailed geographical information in large scale administrative data},
  author = {Drechsler, J. and Hu, J.},
  year = {2021},
  journal = {Journal of Survey Statistics and Methodology},
  volume = {9},
  issue = {3},
  pages = {523-548}
}

@Article{McclureReiter2016,
  title = {Assessing disclosure risks for synthetic data with arbitrary intruder knowledge},
  author = {McClure, D. and Reiter, J. P.},
  journal = {Statistical Journal of the International Association of Official Statistics},
  year = {2016},
  volume = {32},
  pages = {109--126}
}

@Article{Quick2019,
  title = {Generating Poisson-distributed differentially private synthetic data},
  author = {Quick, H.},
  journal = {Journal of the Royal Statistical Society, Series A},
  year = {2021},
  volume = {184},
  issue = {3},
  pages = {1093--1108}
}


@Article{McSherryTalwar2007,
  title = {Mechanism Design via Differential Privacy},
  author = {McSherry, F. and Talwar, K.},
  journal = {Proceedings of the 48th Annual IEEE Symposium on Foundations of Computer Science},
  year = {2007},
  pages = {94--103}
}

@Article{ZhangRubinsteinDimitrakakis2016AAAI,
  title = {On the Differential Privacy of Bayesian Inference},
  author = {Zhang, Z. and Rubinstein, B. I. P. and Dimitrakakis, C.},
  journal = {Proceedings of the 30th AAAI Conference on Artificial Intelligence},
  year = {2016},
  pages = {2365--2371}
}

@Article{Nissim2006ACM,
  title = {Smooth sensitivity and sampling in private data anlaysis},
  author = {Nissim, K. and Raskhodnikova, S. and Smith, A.},
  journal = {Proceedings of the 39th Annual ACM Symposium on Theory of Computing},
  year = {2007},
  pages = {75--83}
}

@Article{SnokeSlavkovic2018PSD,
  title = {pMSE Mechanism: Differentially Private Synthetic Data with Maximal Distributional Similarity},
  author = {Snoke, J. and Slavkovic, A.},
  journal = {Privacy in Statistical Databases},
  year = {2018},
  pages = {138--159}
}

@Article{BikeShareData,
	year={2014},
	issn={2192-6352},
	journal={Progress in Artificial Intelligence},
	doi={10.1007/s13748-013-0040-3},
	title={Event labeling combining ensemble detectors and background knowledge},
	url={http://dx.doi.org/10.1007/s13748-013-0040-3},
	publisher={Springer Berlin Heidelberg},
	keywords={Event labeling; Event detection; Ensemble learning; Background knowledge},
	author={Fanaee-T, Hadi and Gama, Joao},
	pages={113-127}
}

@Article{Stan,
  title = {Stan User's Guide 2.26},
  author = {Stan Development Team},
  year = {2021}}
  
@Article{brms,
    title = {{brms}: An {R} Package for {Bayesian} Multilevel Models
      Using {Stan}},
    author = {Paul-Christian Bürkner},
    journal = {Journal of Statistical Software},
    year = {2017},
    volume = {80},
    number = {1},
    pages = {1--28},
    doi = {10.18637/jss.v080.i01},
    encoding = {UTF-8},
  }
  
@Article{HuSavitsky2018,
  title = {Bayesian data synthesis and disclosure risk quantification: an application to the {C}onsumer {E}xpenditure {S}urveys},
  author = {Hu, J. and Savitsky, T. D.},
  journal = {arXiv: 1809.10074},
  year = {2018}
}


@Article{ReitherRaghu2007,
  title = {The multiple adaptations of multiple imputation},
  author = {Reiter, J. P. and Raghunanthan, T. E.},
  journal = {Journal of the American Statistical Association},
  year = {2007},
  volume = {102},
  pages = {1462--1471}
}


@Manual{NPBayesImputeCat,
    title = {NPBayesImputeCat: Non-Parametric Bayesian Multiple Imputation for Categorical Data},
    author = {Wang, Q. and Manrique-Vallier, D. and Reiter, J. P. and Hu, J.},
    year = {2021},
    journal = {R package version 0.3}
}

@Article{HuHoshino2018,
  title = {The Quasi-Multinomial synthesizer for categorical data},
  author = {Hu, J. and Hoshino, N.},
  journal = {Privacy in Statistical Databases},
  year = {2018},
  pages = {75--91}
}


@Article{NPBayesImputeCatRJournal,
  title = {Multiple Imputation and Synthetic Data Generation with the R package {NPB}ayes{I}mpute{C}at},
  author = {Hu, J. and Akande, O. and Wang, Q.},
  journal = {The R Journal},
  year = {2021}
}


@Article{SiReiter2013JEBS,
  author = {Si, Y. and Reiter, J. P.},
  year = {2013},
  title =  {Nonparametric {B}ayesian multiple imputation for incomplete categorical variables in large-scale assessment surveys}, 
  journal = {Journal of Educational and Behavioral Statistics},
  volume = 38, 
  pages = {499--521}}


@Article{AkandeLiReiter2017TAS,
  author = {Akande, O. and Li, F. and Reiter, J. P.},
  year = {2017},
  journal = {The American Statistician},
  title = {An empirical comparison of multiple imputation methods for categorical data},
  volume = {71},
  issue = {2},
  pages = {162--170}}
  
  
@Article{Sethuraman1994SS,
  author = {Sethuraman, J.},
  year = {1994},
  title = {A constructive definition of Dirichlet priors},
  journal = {Statistica Sinica},
  volume = {4},
  pages = {639--650}}
  
  
@Article{IshwaranJames2001JASA,
  title = {Gibbs sampling methods for stick-breaking priors},
  author = {Ishwaran, H. and James, L. F.},
  journal = {Journal of the American Statistical Association},
  year = {2001},
  volume = {96},
  pages = {161--173}}
  

@Article{ManriqueHu2018JRSSA,
  author = {Manrique-Vallier, D. and Hu, J.},
  journal = {Journal of the Royal Statistical Society, Series A},
  year = {2018},
  title = {Bayesian non-parametric generation of fully synthetic multivariate categorical data in the presence of structural zeros},
  volume = {181},
  issue = {3},
  pages = {635--647}}
  
  
@Article{JAGS,
  title = {JAGS: A program for analysis of Bayesian graphical models using Gibbs sampling},
  author = {Plummer Martyn},
  journal = {Proceedings of the 3rd International Workshop on Distributed Statistical Computing},
  year = {2003},
  volume = {124},
  issue = {125.10},
  pages = {1--10}
}

@Book{AlbertHu2019,
  title = {Probability and Bayesian Modeling},
  author = {Albert, J. and Hu, J.},
  publisher = {Texts in Statistical Science, Chapman \@ Hall CRC Press},
  year = {2019}
}

@Book{ReichGhosh2019,
  title = {Bayesian Statistical Methods},
  author = {Reich, B. J. and Ghosh, S. K.},
  publisher = {Texts in Statistical Science, Chapman \@ Hall CRC Press},
  year = {2019}
}

@Book{Rethinking2020,
  title = {Statistical Rethinking - A Bayesian Course with Examples in R and Stan, 2nd edition},
  author = {McElreath, R.},
  publisher = {Texts in Statistical Science, Chapman \@ Hall CRC Press},
  year = {2020}
}

@Book{BDA3,
  title = {Bayesian Data Analysis, 3rd edition},
  author = {Gelman, A. and Carlin, J. and Stern, H. and Dunson, D. and Vehtari, A. and Rubin, D.},
  publisher = {Texts in Statistical Science, Chapman \@ Hall CRC Press},
  year = {2013}
}


@Article{hclust2014,
  title = {Ward's hierarchical agglomerative clustering method: which algorithms implement Ward's criterion?},
  author = {Murtagh, F. and Legendre, P.},
  journal = {Journal of Classification},
  year = {2014},
  volume = {31},
  pages = {274--295}
}

@Article{DuncanStokes2004CHANCE,
  author = {Duncan, G. T. and Stokes, S. L.},
  title = {Disclosure Risk vs. Data Utility: The {R-U} Confidentiality Map as Applied to Topcoding},
  journal = {CHANCE},
  year = {2004},
  pages = {16--20},
  volume ={17},
  issue = {3}
}

@Article{Rubin1993synthetic,
  title = {Discussion statistical disclosure limitation},
  author = {Rubin, D. B.},
  journal = {Journal of Official Statistics},
  year = {1993},
  volume = {9},
  pages = {461--468}
}


@Article{Little1993synthetic,
  title = {Statistical analysis of masked data},
  author = {Little, R. J. A.},
  journal = {Journal of Official Statistics},
  year = {1993},
  volume = {9},
  pages = {407--426}
}

@Article{Drechsler2018PSD,
  title = {Some Clarifications Regarding Fully Synthetic Data},
  author = {Drechsler, J.},
  journal = {Privacy in Statistical Databases},
  year = {2018},
  pages = {109--121}
}

@Article{Snoke2018JRSSA,
  title = {General and specific utility measures for synthetic data},
  author = {Snoke, J. and Raab, G. M. and Nowok, B. and Dibben, C. and Slavkovic, A.},
  journal = {Journal of the Royal Statistical Society, Series A (Statistics in Society)},
  year = {2018},
  volume = {181},
  issue = {3},
  pages = {663--688}
}


@Article{HornbyHu2021IR,
  title = {Identification risks evaluation of partially synthetic data with the IdentificationRiskCalculation R package},
  author = {Hornby, R. and Hu, J.},
  journal = {Transactions of Data Privacy},
  year = {2021},
  volume = {14},
  issue = {1},
  pages = {37--52}
}


@Article{synthpopJSS,
    title = {{synthpop}: Bespoke Creation of Synthetic Data in {R}},
    author = {Beata Nowok and Gillian M. Raab and Chris Dibben},
    journal = {Journal of Statistical Software},
    year = {2016},
    volume = {74},
    number = {11},
    pages = {1--26},
    doi = {10.18637/jss.v074.i11},
}
  
@Article{twophasePSD,
    title = {Two-phase data synthesis for income: an application to the NHIS},
    author = {Ros, K. and Olsson, H. and Hu, J.},
    journal = {Privacy in Statistical Databases (e-proceedings)},
    year = {2020}
}
  
@Article{KleinSinha2015JPC,
    title = {Likelihood Based Finite Sample Inference for Singly Imputed Synthetic Data Under the Multivariate Normal and Multiple Linear Regression Models},
    author = {Klein, M. and Sinha, B.},
    journal = {Journal of Privacy and Confidentiality},
    volume = {7},
    issue = {1},
    pages = {43--98},
    year = {2015}
}
  
@Article{RaabNowokDibben2016JPC,
    title = {Practical data synthesis for large samples},
    author = {Raab, G. M. and Nowok, B. and Dibben, C.},
    journal = {Journal of Privacy and Confidentiality},
    volume = {7},
    issue = {3},
    pages = {67--97},
    year = {2016}
}
  
@Misc{bayesplot,
    title = {bayesplot: Plotting for Bayesian Models},
    author = {Jonah Gabry and Tristan Mahr},
    year = {2021},
    note = {R package version 1.8.0},
    url = {https://mc-stan.org/bayesplot/},
}
  
@Manual{VGAM,
    title = {{VGAM}: Vector Generalized Linear and Additive Models},
    author = {Thomas W. Yee},
    year = {2021},
    note = {R package version 1.1-5},
    url = {https://CRAN.R-project.org/package=VGAM},
}
  
@Article{QuickHolanWikle2018JRSSA,
    author = {Quick, H. and Holan, S. H. and Wikle, C. K.},
    title = {Generating partially synthetic geocoded public use data with decreased disclosure risk using differential smoothing},
    journal = {Journal of the Royal Statistical Society, Series A (Statistics in Society)},
    year = {2018},
    volume = {181},
    pages = {649--661}
}

@Article{Quick2015,
    title = {Bayesian marked point process modeling for generating fully synthetic public use data with point-referenced geography},
    author = {Quick, H. and Holan, S. H. and Wikle, C. K. and and Reiter, J. P.},
    journal = {Spatial Statistics},
    year = {2015},
    volume = {14},
    pages = {439--451}
}

@Article{HuSavitskyWilliams2021JSSAM,
  title = {Risk-efficient Bayesian pseudo posterior data synthesis for privacy protection},
  author = {Hu, J. and Savitsky, T. D. and Williams, M. R.},
  journal = {Journal of Survey Statistics and Methodology},
  year = {2021}
}

@Article{Kim2015JOS,
  title = {Statistical disclosure limitation in the presence of edit rules},
  author = {Kim, H. J. and Karr, A. F. and Reiter, J. P.},
  journal = {Journal of Official Statistics},
  year = {2015},
  volume = {31},
  pages = {121--138}
}


@Article{Kim2018JAS,
  title = {Simultaneous edit-imputation and disclosure limitation for business establishment data},
  author = {Kim, H. J. and Reiter, J. P. and Karr, A. F. },
  journal = {Journal of Applied Statistics},
  year = {2018},
  volume = {45},
  pages = {63--82}
}

@Article{SIPPdocument,
  author = {Benedetto, G. and Stinson, M. H. and Abowd, J. M.},
  title = {The creation and use of the SIPP Synthetic Beta},
  journal = {Available at $https://www.census.gov/content/dam/Census/programs-surveys/sipp/methodology/SSBdescribe_nontechnical.pdf$. Accessed February 2018},
  year = {2013}
}


@Article{Kaur2021JAMIA,
  title = {Application of {B}ayesian networks to generate synthetic health data},
  author = {Kaur, D. and Sobiesk, M. and Patil, S. and Liu, J. and Bhagat, P. and Gupta, A. and Markuzon, N.},
  journal = {Journal of the American Medical Informatics Association},
  year = {2021},
  volume = {28},
  issue = {4},
  pages = {801--811}
}

@Article{Young2009JOS,
  title = {Using {B}ayesian networks to create synthetic data},
  author = {Young, J. and Graham, P. and Penny, R.},
  journal = {Journal of Official Statistics},
  year = {2009},
  volume = {25},
  pages = {549--567}
}

@Article{DuncanLambert1986JASA,
  title = {Disclosure-limited data dissemination},
  author = {Duncan, G. T. and Lambert, D.},
  journal = {Journal of the American Statistical Association},
  year = {1986},
  volume = {81},
  pages = {10--18}
}

@Article{DuncanLambert1989JBES,
  title = {The risk of disclosure for microdata},
  author = {Duncan, G. T. and Lambert, D.},
  journal = {Journal of Business & Economic Statistics},
  year = {1989},
  volume = {7},
  issue = {2},
  pages = {207--217}
}

@Article{Lambert1993JOS,
  title = {Measures of disclosure risk and harm},
  author = {Lambert, D.},
  journal = {Journal of Official Statistics},
  year = {1993},
  volume = {9},
  issue = {2},
  pages = {313--331}
}


@Article{Dalenius1977ST,
  title = {Towards a methodology for statistical disclosure control},
  author = {Dalenius, T.},
  journal = {Statistisk Tidskrift},
  year = {1974},
  volume = {5},
  pages = {429--444}
}


@Article{FienbergMakovSanil1997JOS,
  title = {A {B}ayesian approach to data disclosure: optimal intruder behavior for continuous data},
  author = {Fienberg, S. E. and Makov, U. E. and Sanil, A. P.},
  journal = {Journal of Official Statistics},
  year = {1998},
  volume = {13},
  issue = {1},
  pages = {75--89}
}


@Article{TrottiniFienberg2002IJUFKS,
  title = {Modeling user uncertainty for disclosure risk and data utility},
  author = {Trottini, M. and Fienberg, S. E.},
  journal = {International Journal of Uncertainty, Fuzziness and Knowledge-Based Systems},
  year = {2002},
  volume = {10},
  issue = {5},
  pages = {511--527}
}

@Article{SkinnerElliot2002JRSSB,
  author = {Skinner, C. J. and Elliot, M. J.},
  journal = {Journal of the Royal Statistical Society, Series B},
  year = {2002},
  title = {A measure of disclosure risk for microdata},
  volume = {64},
  pages = {855--867}
}
  
@Article{ChenTaubElliot2019UNCEC,
  author = {Chen, Y. and Taub, J. and Elliot, M. J.},
  journal = {Joint UNECE/Eurostat Work Session on Statistical Data Confidentiality},
  year = {2019},
  title = {Trade-off between information loss and disclosure risk in {GA} synthetic data generator}
}

@Article{Abay2018MLKDB,
  author = {Abay, N. C. and Zhou, Y. and Kantarcioglu, Mu. and Thuraisingham, B. and Sweeney, L.},
  journal = {Machine Learning and Knowledge Discovery in Databases},
  year = {2018},
  title = {Privacy Preserving Synthetic Data Release Using Deep Learning},
  pages = {510--526}
}


@Article{BJ2019CCQO,
  author = {Beaulieu-Jones, B. K. and Wu, Z. S. and Williams, C. and Lee, R. and Bhavnani, S. P. and Byrd, J. B. and Greene, C. S.},
  journal = {Circulation: Cardiovascular Quality and Outcomes},
  year = {2019},
  title = {Privacy-Preserving Generative Deep Neural Networks Support Clinical Data Sharing},
  volume = {12},
  issue = {7}
}

@inproceedings{Yoon2018Pategan,
  title={{PATE}-{GAN}: Generating Synthetic Data with Differential Privacy Guarantees},
  author={Jinsung Yoon and James Jordon and Mihaela van der Schaar},
  booktitle={International Conference on Learning Representations},
  year={2019},
  url={https://openreview.net/forum?id=S1zk9iRqF7},
}

@Article{Jiang2021JASA,
  author = {Jiang, B. and Raftery, A. E. and Steele, R. J. and Wang, N.},
  journal = {Journal of the American Statistical Association},
  year = {2021},
  title = {Balancing Inferential Integrity and Disclosure Risk Via Model Targeted Masking and Multiple Imputation},
  pages = {1--38}
}


@inproceedings{Choi2017PMLR, 
  title = {Generating Multi-label Discrete Patient Records using Generative Adversarial Networks}, 
  author = {Edward Choi and Siddharth Biswal and Bradley Malin and Jon Duke and Walter F. Stewart and Jimeng Sun}, 
  booktitle = {Proceedings of the 2nd Machine Learning for Healthcare Conference}, pages = {286--305}, 
  year = {2017}, 
  editor = {Finale Doshi-Velez and Jim Fackler and David Kale and Rajesh Ranganath and Byron Wallace and Jenna Wiens}, 
  volume = {68}, 
  series = {Proceedings of Machine Learning Research}, 
  address = {Boston, Massachusetts}, 
  month = {18--19 Aug}, 
  publisher = {PMLR}
}

@inproceedings{Winkler2004PSD, 
  title = {Re-identification methods for masked microdata}, 
  author = {Winkler, William E.}, 
  booktitle = {Privacy for Statistical Databases}, 
  pages = {216--230}, 
  year = {2004}, 
  editor = {Domingo-Ferrer, J. and Torra, V.}
}


@article{FellegiSunter1969JASA,
  title = {A theory for record linkage},
  author = {Fellegi, I. P. and Sunter, A. B.},
  journal = {Journal of the American Statistical Association},
  year = {1969},
  volume = {64},
  issue = {328},
  pages = {1183--1210}
}

@report{Winkler2000Census,
  author = {Winkler, W. E.},
  title = {Using the EM Algorithm for Weight Computation in the {F}ellegi-{S}unter Model of Record Linkage},
  institution = {U.S. Bureau of the Census},
  year = {2000},
}

@manual{reclin,
    title = {Record Linkage Toolkit},
    author = {van der Laan, J.},
    year = {2018},
    journal = {R package version 0.1.1}
}

@article{TorraAbowdDomingo2006PSD,
  title = {Using {M}ahalanobis Distance-based Record Linkage for Disclosure Risk Assessment},
  author = {Torra, V. and Abowd, J. M. and Domingo-Ferrer, J.},
  journal = {Privacy in Statistical Databases},
  year = {2006},
  pages = {233--242}
}

@article{DomingoTorra2003SC,
  title = {Disclosure Risk Assessment in Statistical Microdata Protection via Advanced Record Linkage},
  author = {Domingo-Ferrer, J. and Torra, V.},
  journal = {Statistics and Computing},
  year = {2003},
  volume = {13},
  pages = {343--354}
}

@Article{MurrayReiter2016JASA,
  title = {Multiple imputation of missing categorical and continuous values via {B}ayesian mixture models with local dependence},
  author = {Murray, J. S. and Reiter, J. P.},
  journal = {Journal of the American Statistical Association},
  year = {2016},
  volume = {111},
  pages = {1466--1479}
}

@Article{Walder2020,
  title = {Privacy for Spatial Point Process Data},
  author = {Walder, A. and Hanks, E. M. and Slavkovic, A.},
  journal = {arXiv: 2003.12816},
  year = {2020}
}

@Article{Elliot2014CMIST,
  title = {Final Report on the Disclosure Risk Associated with the Synthetic Data
Produced by the {SYLLS} Team},
  author = {Elliot, M.},
  journal = {CMIST},
  year = {2014}
}

@Article{Taub2018PSD,
  title = {Differential correct attribution probability for synthetic data: an exploration},
  author = {Taub, J. and Elliot, M. and Pampaka, M. and Smith, D.},
  journal = {Privacy in Statistical Databases},
  year = {2018},
  pages = {122--137}
}

@Article{BaillargeonCharest2020PSD,
    title = {A closer look at the {CAP} risk measure for synthetic datasets},
    author = {Baillargeon, M. and Charest, A.},
    journal = {Privacy in Statistical Databases (e-proceedings)},
    year = {2020}
}

@Manual{gtools,
    title = {gtools: Various {R} Programming Tools},
    author = {Warnes, G. R. and Bolker, B. and Lumley, T.},
    year = {2020},
    journal = {R package version 3.8.2}
}

@Book{Wasserman2010,
  title = {All of Statistics: A Concise Course in Statistical Inference},
  author = {Wasserman, L.},
  publisher = {Springer Texts in Statistics},
  year = {2010}
}

@report{Duncan2001NISS,
  author = {Duncan, G. T. and Keller-McNulty, S. A. and Stokes, S. L.},
  title = {Disclosure risk vs data utility: the {R-U} confidentiality map},
  institution = {National Institute of Statistical Sciences},
  year = {2001},
}

@inproceedings{hittmeir2020baseline,
  title={A baseline for attribute disclosure risk in synthetic data},
  author={Hittmeir, Markus and Mayer, Rudolf and Ekelhart, Andreas},
  booktitle={Proceedings of the Tenth ACM Conference on Data and Application Security and Privacy},
  pages={133--143},
  year={2020}
}

@Book{islr2,
title = {An Introduction to Statistical Learning with Applications in R, Second Edition}, 
author = {James, G., Witten, D., Hastie T. and Tibshirani R.},
publisher = {Springer},
year = {2021},
}


@Article{Reiter2005CART,
  title = {Using {CART} to generate partially synthetic public use microdata},
  author = {Reiter, J. P.},
  journal = {Journal of Official Statistics},
  year = {2005},
  volume = {21},
  pages = {441--462}
}

@Book{CDA3,
  title = {Categorical Data Analysis},
  author = {Agresti, A.},
  publisher = {Wiley; 3rd edition},
  year = {2012}
}

@Manual{IdentificationRiskCalculation,
    title = {IdentificationRiskCalculation: Calculating the Identification Risk in Partially Synthetic Microdata},
    author = {Hornby, R. and Hu, J.},
    year = {2020},
    note = {R package, https://github.com/RyanHornby/IdentificationRiskCalculation},
    url = {https://github.com/RyanHornby/IdentificationRiskCalculation},
  }
  
@Article{ArnoldNeunhoeffer2020,
  title = {Really Useful Synthetic Data -- A Framework to Evaluate the Quality of Differentially Private Synthetic Data},
  author = {Arnold, C. and Neunhoeffer, M.},
  journal = {arXiv: 2004.07740},
  year = {2020}
}


@Manual{synthpop,
    title = {synthpop: Generating Synthetic Versions of Sensitive Microdata for Statistical Disclosure Control},
    author = {Nowok, B. and Raab, G. M. and Dibben, C. and Snoke, J. and van Lissa, C.},
    year = {2020},
    note = {R package version 1.6-0},
    url = {https://cran.r-project.org/web/packages/synthpop/index.html},
}